%theory
@book{griffiths,
  author = {Griffiths, D.},
  publisher = {John Wiley},
  title = {Introduction to Elementary Particles},
  year = 2008
}

@book{halzen,
   author = "Halzen, F and Martin, A",
   title= "Quarks and Leptons: an introductory course in modern particle physics",
   publisher = "Wiley",
   year =1987
}

@article{pdg,
     author    = "Olive, K. A. and others",
     collaboration = "Particle Data Group",
     title     = "{\href{http://pdg.lbl.gov/}{Review of particle physics}}",
     journal   = "Chin. Phys.",
     volume    = "C38",
     year      = "2014",
     pages     = "090001",
     doi       = "10.1088/1674-1137/38/9/090001",
}

@article{higgs-atlas,
      author         = "Aad, Georges and others",
      title          = "{Observation of a new particle in the search for the
                        Standard Model Higgs boson with the ATLAS detector at the
                        LHC}",
      collaboration  = "ATLAS",
      journal        = "Phys. Lett.",
      volume         = "B716",
      year           = "2012",
      pages          = "1-29",
      doi            = "10.1016/j.physletb.2012.08.020",
      eprint         = "1207.7214",
      archivePrefix  = "arXiv",
      primaryClass   = "hep-ex",
      reportNumber   = "CERN-PH-EP-2012-218",
      SLACcitation   = "%%CITATION = ARXIV:1207.7214;%%"
}

@article{higgs-cms,
      author         = "Chatrchyan, Serguei and others",
      title          = "{Observation of a new boson at a mass of 125 GeV with the
                        CMS experiment at the LHC}",
      collaboration  = "CMS",
      journal        = "Phys. Lett.",
      volume         = "B716",
      year           = "2012",
      pages          = "30-61",
      doi            = "10.1016/j.physletb.2012.08.021",
      eprint         = "1207.7235",
      archivePrefix  = "arXiv",
      primaryClass   = "hep-ex",
      reportNumber   = "CMS-HIG-12-028, CERN-PH-EP-2012-220",
      SLACcitation   = "%%CITATION = ARXIV:1207.7235;%%"
}

@article{cabbibo,
  title = {Unitary Symmetry and Leptonic Decays},
  author = {Cabibbo, Nicola},
  journal = {Phys. Rev. Lett.},
  volume = {10},
  issue = {12},
  pages = {531--533},
  numpages = {0},
  year = {1963},
  month = {Jun},
  publisher = {American Physical Society},
  doi = {10.1103/PhysRevLett.10.531},
  url = {http://link.aps.org/doi/10.1103/PhysRevLett.10.531}
}

@article{gim,
      author         = "Glashow, S. L. and Iliopoulos, J. and Maiani, L.",
      title          = "{Weak Interactions with Lepton-Hadron Symmetry}",
      booktitle      = "{Meeting of the Italian School of Physics and Weak
                        Interactions Bologna, Italy, April 26-28, 1984}",
      journal        = "Phys. Rev.",
      volume         = "D2",
      year           = "1970",
      pages          = "1285-1292",
      doi            = "10.1103/PhysRevD.2.1285",
      SLACcitation   = "%%CITATION = PHRVA,D2,1285;%%"
}

@article{jpsi-1,
      author         = "Aubert, J. J. and others",
      title          = "{Experimental Observation of a Heavy Particle J}",
      collaboration  = "E598",
      journal        = "Phys. Rev. Lett.",
      volume         = "33",
      year           = "1974",
      pages          = "1404-1406",
      doi            = "10.1103/PhysRevLett.33.1404",
      reportNumber   = "COO-3069-271",
      SLACcitation   = "%%CITATION = PRLTA,33,1404;%%"
}

@article{jpsi-2,
      author         = "Augustin, J. E. and others",
      title          = "{Discovery of a Narrow Resonance in e+ e- Annihilation}",
      collaboration  = "SLAC-SP-017",
      journal        = "Phys. Rev. Lett.",
      volume         = "33",
      year           = "1974",
      pages          = "1406-1408",
      doi            = "10.1103/PhysRevLett.33.1406",
      note           = "[Adv. Exp. Phys.5,141(1976)]",
      reportNumber   = "SLAC-PUB-1504",
      SLACcitation   = "%%CITATION = PRLTA,33,1406;%%"
}

@article{kobayashi-maskawa,
      author         = "Kobayashi, Makoto and Maskawa, Toshihide",
      title          = "{CP Violation in the Renormalizable Theory of Weak
                        Interaction}",
      journal        = "Prog. Theor. Phys.",
      volume         = "49",
      year           = "1973",
      pages          = "652-657",
      doi            = "10.1143/PTP.49.652",
      reportNumber   = "KUNS-242",
      SLACcitation   = "%%CITATION = PTPKA,49,652;%%"
}

@article{Gauld:2013qja,
      author         = "Gauld, Rhorry and Goertz, Florian and Haisch, Ulrich",
      title          = "{An explicit Z'-boson explanation of the $B \to K^* \mu^+
                        \mu^-$ anomaly}",
      journal        = "JHEP",
      volume         = "01",
      year           = "2014",
      pages          = "069",
      doi            = "10.1007/JHEP01(2014)069",
      eprint         = "1310.1082",
      archivePrefix  = "arXiv",
      primaryClass   = "hep-ph",
      SLACcitation   = "%%CITATION = ARXIV:1310.1082;%%"
}

@article{Altmannshofer:2014cfa,
      author         = "Altmannshofer, Wolfgang and Gori, Stefania and Pospelov,
                        Maxim and Yavin, Itay",
      title          = "{Quark flavor transitions in $L_\mu-L_\tau$ models}",
      journal        = "Phys. Rev.",
      volume         = "D89",
      year           = "2014",
      pages          = "095033",
      doi            = "10.1103/PhysRevD.89.095033",
      eprint         = "1403.1269",
      archivePrefix  = "arXiv",
      primaryClass   = "hep-ph",
      SLACcitation   = "%%CITATION = ARXIV:1403.1269;%%"
}

@article{Crivellin:2015mga,
      author         = "Crivellin, Andreas and D'Ambrosio, Giancarlo and Heeck,
                        Julian",
      title          = "{Explaining $h\to\mu^\pm\tau^\mp$, $B\to K^* \mu^+\mu^-$
                        and $B\to K \mu^+\mu^-/B\to K e^+e^-$ in a
                        two-Higgs-doublet model with gauged $L_\mu-L_\tau$}",
      journal        = "Phys. Rev. Lett.",
      volume         = "114",
      year           = "2015",
      pages          = "151801",
      doi            = "10.1103/PhysRevLett.114.151801",
      eprint         = "1501.00993",
      archivePrefix  = "arXiv",
      primaryClass   = "hep-ph",
      reportNumber   = "CERN-PH-TH-2015-001, ULB-TH-14-26",
      SLACcitation   = "%%CITATION = ARXIV:1501.00993;%%"
}

@article{ope,
  author         = "Buras, Andrzej J.",
  title          = "{Weak Hamiltonian, CP violation and rare decays}",
  url            = "http://alice.cern.ch/format/showfull?sysnb=0282793",
  year           = "1998",
  pages          = "281-539",
  eprint         = "hep-ph/9806471",
  archivePrefix  = "arXiv",
  primaryClass   = "hep-ph",
  reportNumber   = "TUM-HEP-316-98",
  SLACcitation   = "%%CITATION = HEP-PH/9806471;%%"
}

@article{operators,
      author         = "Becirevic, Damir and Schneider, Elia",
      title          = "{On transverse asymmetries in $B \to K^* \ell^+\ell^-$}",
      journal        = "Nucl. Phys.",
      volume         = "B854",
      year           = "2012",
      pages          = "321-339",
      doi            = "10.1016/j.nuclphysb.2011.09.004",
      eprint         = "1106.3283",
      archivePrefix  = "arXiv",
      primaryClass   = "hep-ph",
      reportNumber   = "LPT-11-50",
      SLACcitation   = "%%CITATION = ARXIV:1106.3283;%%"
}

%detector
@article{lhc,
      author         = "Evans, Lyndon and Bryant, Philip",
      title          = "{LHC Machine}",
      journal        = "JINST",
      volume         = "3",
      year           = "2008",
      pages          = "S08001",
      doi            = "10.1088/1748-0221/3/08/S08001",
      SLACcitation   = "%%CITATION = JINST,3,S08001;%%"
}

@article{lhcb,
      author         = "Alves Jr., A A and others",
      title          = "{The LHCb Detector at the LHC}",
      collaboration  = "LHCb Collaboration",
      journal        = "JINST",
      volume         = "3",
      year           = "2008",
      pages          = "S08005",
      doi            = "10.1088/1748-0221/3/08/S08005",
      SLACcitation   = "%%CITATION = JINST,3,S08005;%%"
}

@article{b-production,
      author         = "Norrbin, E. and Sjostrand, T.",
      title          = "{Production and hadronization of heavy quarks}",
      journal        = "Eur. Phys. J.",
      volume         = "C17",
      year           = "2000",
      pages          = "137-161",
      doi            = "10.1007/s100520000460",
      eprint         = "hep-ph/0005110",
      archivePrefix  = "arXiv",
      primaryClass   = "hep-ph",
      reportNumber   = "LU-TP-00-16",
      SLACcitation   = "%%CITATION = HEP-PH/0005110;%%"
}

@book{muon-tdr2,
      title         = "{LHCb muon system: addendum to the Technical Design
                       Report}",
      publisher     = "CERN",
      collaboration = "LHCb Collaboration",
      address       = "Geneva",
      series        = "Technical Design Report LHCb",
      year          = "2003",
      url           = "http://cds.cern.ch/record/600536",
}

@book{muon-tdr3,
      title         = "{LHCb muon system: second addendum to the Technical Design
                       Report}",
      publisher     = "CERN",
      collaboration = "LHCb Collaboration",
      address       = "Geneva",
      series        = "Technical Design Report LHCb",
      year          = "2005",
      url           = "http://cds.cern.ch/record/831955",
}

@article{trigger-cpu,
      author         = "Gligorov, V. V.",
      title          = "{Performance and upgrade plans of the LHCb trigger
                        system}",
      booktitle      = "{Proceedings, 12th Pisa Meeting on Advanced Detectors: La
                        Biodola, Isola d'Elba, Italy, May 20-26, 2012}",
      collaboration  = "LHCb Collaboration",
      journal        = "Nucl. Instrum. Meth.",
      volume         = "A718",
      year           = "2013",
      pages          = "26-29",
      doi            = "10.1016/j.nima.2012.08.076",
      SLACcitation   = "%%CITATION = NUIMA,A718,26;%%"
}

@techreport{trigger-inclusive,
      author        = "Gligorov, Vladimir V and Thomas, Christopher and Williams,
                       Michael",
      title         = "{The HLT inclusive B triggers}",
      institution   = "CERN",
      address       = "Geneva",
      number        = "LHCb-PUB-2011-016. CERN-LHCb-PUB-2011-016.
                       LHCb-INT-2011-030",
      month         = "Sep",
      year          = "2011",
      reportNumber  = "LHCb-PUB-2011-016",
      url           = "http://cds.cern.ch/record/1384380",
      note          = "LHCb-INT-2011-030",
}

@techreport{trigger-topo,
      author        = "Williams, M and Gligorov, Vladimir V and Thomas, C and
                       Dijkstra, H and Nardulli, J and Spradlin, P",
      title         = "{The HLT2 Topological Lines}",
      institution   = "CERN",
      address       = "Geneva",
      number        = "LHCb-PUB-2011-002. CERN-LHCb-PUB-2011-002",
      month         = "Jan",
      year          = "2011",
      reportNumber  = "LHCb-PUB-2011-002",
      url           = "http://cds.cern.ch/record/1323557",
}

@lhcbreport{upgrade-loi,
      collaboration = "LHCb collaboration",
      title         = "{Letter of Intent for the LHCb Upgrade}",
      institution   = "CERN",
      address       = "Geneva",
      number        = "{CERN-LHCC-2011-001}",
      year          = "2011",
}

%tracking
@Misc{tracking,
      author        = "Bowen, E",
      title         = "{Vertexing and Tracking Software at LHCb}",
      howpublished  = {\href{https://cds.cern.ch/record/1983026}{LHCb-PROC-2015-003}},
}

@Misc{fastvelo,
     author        = "Callot, O",
     title         = "{FastVelo, a fast and efficient pattern recognition package for the Velo}",
    howpublished  = {\href{https://cds.cern.ch/record/1322644}{LHCb-PUB-2011-001}},
}

@Misc{patforward,
     author        = "Callot, O and Hansmann-Menzemer, S",
     title         = "{The Forward Tracking: Algorithm and Performance Studies}",
    howpublished  = {\href{https://cds.cern.ch/record/1033584}{LHCb-2007-015}},
}

@Misc{patvelott,
      author        = "Callot, O and Kucharczyk, M and Witek, M",
      title         = "{VELO-TT track reconstruction}",
      howpublished  = {\href{https://cds.cern.ch/record/1027834}{LHCb-2007-010}},
}

@Misc{patseeding,
      author        = "Callot, O and Schiller, M",
      title         = "{PatSeeding: A Standalone Track Reconstruction Algorithm}",
      howpublished  = {\href{http://cds.cern.ch/record/1119095}{LHCb-2008-042}},
}

@Misc{patmatch,
      author        = "Needham, M",
      title         = "{Performance of the Track Matching}",
      howpublished  = {\href{http://cds.cern.ch/record/1060807}{LHCb-2007-129}}
}

@Misc{patdownstream,
      author        = "Callot, O",
      title         = "{Downstream Pattern Recognition}",
      howpublished  = {\href{http://cds.cern.ch/record/1025827}{LHCb-2007-026}}
}

@Misc{kalman,
      author        = "Fruhwirth, R",
      title         = "{Application of Kalman filtering to track and vertex fitting}",
      howpublished  = {\href{http://www.sciencedirect.com/science/article/pii/0168900287908874}{Nucl.Instrum.Meth. A262 (1987) 444-450}},
}

@Misc{sascha,
      author        = "Stahl, S",
      title         = "{Reconstruction of displaced tracks and measurement of \KS production rate in proton-proton collisions at \sqs = 900 GeV at the \lhcb experiment}",
      howpublished  = {\href{http://www.physi.uni-heidelberg.de/Publications/downstream_ks_sstahl_diplom.pdf}{Masters thesis, Heidelberg University, Germany.}},
}

@Misc{jeroen,
      author        = "van Tilburg, J",
      title         = "{Track simulation and reconstruction at LHCb}",
      howpublished  = {\href{http://www.nikhef.nl/pub/services/biblio/theses_pdf/thesis_JAN_v_Tilburg.pdf}{PhD thesis, NIKHEF, Netherlands.}},
}

@Misc{velout,
      author        = "Bowen, E and Storaci, B",
      title         = "{VeloUT tracking for the LHCb Upgrade}",
      howpublished  = {\href{http://cds.cern.ch/record/1635665}{LHCb-PUB-2013-023}}
}

@Misc{velott,
      author        = "Bowen, E and Storaci, B and Tresch, M",
      title         = "{VeloTT tracking for LHCb Run II}",
      howpublished  = {\href{https://cds.cern.ch/record/2105078}{LHCb-PUB-2015-024}}
}

@Misc{alignment,
      author        = "Dujany, Giulio and Storaci, Barbara",
      title         = "{Real-time alignment and calibration of the LHCb Detector
                       in Run II}",
      howpublished  = {\href{https://cds.cern.ch/record/2017839}{LHCb-PROC-2015-011}},
}

@Misc{hlt-run2,
      author        = "Aaij, R. and others",
      title         = "{Performance of the LHCb full real-time reconstruction and high-level trigger with 13 TeV data}",
      howpublished  = {\href{}{CERN-LHCb-DP-2016-002}},
}

@Misc{turbo,
      author        = "Aaij, R. and others",
      title         = "{Tesla : an application for real-time data analysis in
                        High Energy Physics}",
      howpublished  = {\href{https://arxiv.org/abs/1604.05596}{arXiv:1604.05596}},
}

%%kpimm
@inproceedings{straub,
      author         = "Altmannshofer, Wolfgang and Straub, David M.",
      title          = "{Implications of $b\to s$ measurements}",
      booktitle      = "{Proceedings, 50th Rencontres de Moriond Electroweak
                        Interactions and Unified Theories: La Thuile, Italy, March
                        14-21, 2015}",
      url            = "https://inspirehep.net/record/1353682/files/arXiv:1503.06199.pdf",
      year           = "2015",
      pages          = "333-338",
      eprint         = "1503.06199",
      archivePrefix  = "arXiv",
      primaryClass   = "hep-ph",
      SLACcitation   = "%%CITATION = ARXIV:1503.06199;%%"
}

@article{Lyon:2014hpa,
      author         = "Lyon, James and Zwicky, Roman",
      title          = "{Resonances gone topsy turvy - the charm of QCD or new
                        physics in $b \to s \ell^+ \ell^-$?}",
      year           = "2014",
      eprint         = "1406.0566",
      archivePrefix  = "arXiv",
      primaryClass   = "hep-ph",
      reportNumber   = "EDINBURGH-14-10, CP3-ORIGINS-2014-021-DNRF90,
                        DIAS-2014-21",
      SLACcitation   = "%%CITATION = ARXIV:1406.0566;%%"
}

@article{pprime-theory,
      author         = "Descotes-Genon, Sebastien and Hofer, Lars and Matias,
                        Joaquim and Virto, Javier",
      title          = "{On the impact of power corrections in the prediction of
                        $B \to K^*\mu^+\mu^-$ observables}",
      journal        = "JHEP",
      volume         = "12",
      year           = "2014",
      pages          = "125",
      doi            = "10.1007/JHEP12(2014)125",
      eprint         = "1407.8526",
      archivePrefix  = "arXiv",
      primaryClass   = "hep-ph",
      reportNumber   = "LPT-ORSAY-14-63, UAB-FT-757, QFET-2014-13,
                        SI-HEP-2014-19",
      SLACcitation   = "%%CITATION = ARXIV:1407.8526;%%"
}

@article{DescotesGenon:2013wba,
      author         = "Descotes-Genon, Sebastien and Matias, Joaquim and Virto,
                        Javier",
      title          = "{Understanding the $B\to K^*\mu^+\mu^-$ anomaly}",
      journal        = "Phys. Rev.",
      volume         = "D88",
      year           = "2013",
      pages          = "074002",
      doi            = "10.1103/PhysRevD.88.074002",
      eprint         = "1307.5683",
      archivePrefix  = "arXiv",
      primaryClass   = "hep-ph",
      reportNumber   = "UAB-FT-737, LPT-ORSAY-13-58",
      SLACcitation   = "%%CITATION = ARXIV:1307.5683;%%"
}

@inproceedings{pprime-belle,
      author         = "Abdesselam, A. and others",
      title          = "{Angular analysis of $B^0 \to K^\ast(892)^0 \ell^+
                        \ell^-$}",
      booktitle      = "{LHCSki 2016 Obergurgl, Tyrol, Austria, April 10-15,
                        2016}",
      collaboration  = "Belle",
      url            = "https://inspirehep.net/record/1446979/files/arXiv:1604.04042.pdf",
      year           = "2016",
      eprint         = "1604.04042",
      archivePrefix  = "arXiv",
      primaryClass   = "hep-ex",
      reportNumber   = "BELLE-CONF-1603",
      SLACcitation   = "%%CITATION = ARXIV:1604.04042;%%"
}

@article{altmannshofer,
      author         = "Altmannshofer, Wolfgang and Ball, Patricia and Bharucha,
                        Aoife and Buras, Andrzej J. and Straub, David M. and Wick,
                        Michael",
      title          = "{Symmetries and Asymmetries of $B \to K^{*} \mu^{+}
                        \mu^{-}$ Decays in the Standard Model and Beyond}",
      journal        = "JHEP",
      volume         = "01",
      year           = "2009",
      pages          = "019",
      doi            = "10.1088/1126-6708/2009/01/019",
      eprint         = "0811.1214",
      archivePrefix  = "arXiv",
      primaryClass   = "hep-ph",
      reportNumber   = "IPPP-08-58, DCPT-08-116, TUM-HEP-696-08",
      SLACcitation   = "%%CITATION = ARXIV:0811.1214;%%"
}

@article{lu-wang,
  author         = "Lu, Cai-Dian and Wang, Wei",
      title          = "{Analysis of $B\to K^*_J (\to K \pi) \mu^+\mu^-$ in the
                        higher kaon resonance region}",
      journal        = "Phys. Rev.",
      volume         = "D85",
      year           = "2012",
      pages          = "034014",
      doi            = "10.1103/PhysRevD.85.034014",
      eprint         = "1111.1513",
      archivePrefix  = "arXiv",
      primaryClass   = "hep-ph",
      reportNumber   = "DESY-11-201",
      SLACcitation   = "%%CITATION = ARXIV:1111.1513;%%"
}

@article{biplab,
  title = {Angular analyses of exclusive $\overline{B}\ensuremath{\rightarrow}X{\ensuremath{\ell}}_{1}{\ensuremath{\ell}}_{2}$ with complex helicity amplitudes},
  author = {Dey, Biplab},
  journal = {Phys. Rev. D},
  volume = {92},
  issue = {3},
  pages = {033013},
  numpages = {16},
  year = {2015},
  month = {Aug},
  publisher = {American Physical Society},
  doi = {10.1103/PhysRevD.92.033013},
  url = {http://link.aps.org/doi/10.1103/PhysRevD.92.033013}
}

@book{bdt,
  author =       {Breiman, L. and Friedman, J. H. and Olshen,
                 R. A. and Stone, C. J.},
  title =        {Classification and regression trees},
  publisher =    {Wadsworth international group},
  year =         {1984},
  address =      {Belmont, California, USA},
}

@article{adaboost,
title = "A Decision-Theoretic Generalization of On-Line Learning and an Application to Boosting ",
journal = "Journal of Computer and System Sciences ",
volume = "55",
number = "1",
pages = "119 - 139",
year = "1997",
note = "",
issn = "0022-0000",
doi = "http://dx.doi.org/10.1006/jcss.1997.1504",
url = "http://www.sciencedirect.com/science/article/pii/S002200009791504X",
author = "Yoav Freund and Robert E Schapire"
}

@inproceedings{kfold,
  title={Beating the hold-out: Bounds for k-fold and progressive cross-validation},
  author={Blum, Avrim and Kalai, Adam and Langford, John},
  booktitle={Proceedings of the twelfth annual conference on Computational learning theory},
  pages={203--208},
  year={1999},
  organization={ACM}
}

@article{splot,
      author         = "Pivk, Muriel and Le Diberder, Francois R.",
      title          = "{SPlot: A Statistical tool to unfold data distributions}",
      journal        = "Nucl. Instrum. Meth.",
      volume         = "A555",
      year           = "2005",
      pages          = "356-369",
      doi            = "10.1016/j.nima.2005.08.106",
      eprint         = "physics/0402083",
      archivePrefix  = "arXiv",
      primaryClass   = "physics.data-an",
      reportNumber   = "LAL-04-07",
      SLACcitation   = "%%CITATION = PHYSICS/0402083;%%"
}

@article{belle-z-paper,
      author         = "Chilikin, K. and others",
      title          = "{Observation of a new charged charmoniumlike state in
                       $\bar{B}^0 \to J/\psi K^- \pi^+$ decays}",
      collaboration  = "Belle collaboration",
      journal        = "Phys. Rev.",
      volume         = "D90",
      year           = "2014",
      pages          = "112009",
      doi            = "10.1103/PhysRevD.90.112009",
      eprint         = "1408.6457",
      archivePrefix  = "arXiv",
      primaryClass   = "hep-ex",
      reportNumber   = "BELLE-PREPRINT-2014-12, KEK-PREPRINT-2014-19",
      SLACcitation   = "%%CITATION = ARXIV:1408.6457;%%"
}

@article{Zwicky-K_1_1410,
  title = {${B}_{d,s}\ensuremath{\rightarrow}\ensuremath{\rho},\ensuremath{\omega},{K}^{*},\ensuremath{\phi}$ decay form factors from light-cone sum rules reexamined},
  author = {Ball, Patricia and Zwicky, Roman},
  journal = {Phys. Rev. D},
  volume = {71},
  issue = {1},
  pages = {014029},
  numpages = {26},
  year = {2005},
  month = {Jan},
  publisher = {American Physical Society},
  doi = {10.1103/PhysRevD.71.014029},
  url = {http://link.aps.org/doi/10.1103/PhysRevD.71.014029}
}

@article{Wang-K_0_1430,
  title = {$B\ensuremath{\rightarrow}S$ transition form factors in the perturbative QCD approach},
  author = {Li, Run-Hui and L\"u, Cai-Dian and Wang, Wei and Wang, Xiao-Xia},
  journal = {Phys. Rev. D},
  volume = {79},
  issue = {1},
  pages = {014013},
  numpages = {14},
  year = {2009},
  month = {Jan},
  publisher = {American Physical Society},
  doi = {10.1103/PhysRevD.79.014013},
  url = {http://link.aps.org/doi/10.1103/PhysRevD.79.014013}
}

@article{Wang-K_2_1430,
  title = {$B$ to tensor meson form factors in the perturbative QCD approach},
  author = {Wang, Wei},
  journal = {Phys. Rev. D},
  volume = {83},
  issue = {1},
  pages = {014008},
  numpages = {13},
  year = {2011},
  month = {Jan},
  publisher = {American Physical Society},
  doi = {10.1103/PhysRevD.83.014008},
  url = {http://link.aps.org/doi/10.1103/PhysRevD.83.014008}
}

@Misc{lyons-pulls,
      author        = "Luc Demortier and Louis Lyons",
      title         = "{Everything you always wanted to know about pulls}",
      howpublished  = {\href{http://physics.rockefeller.edu/luc/technical_reports/cdf5776_pulls.pdf}{CDF/ANAL/PUBLIC/5776}},
}

@article{kernel,
      author         = "Cranmer, Kyle S.",
      title          = "{Kernel estimation in high-energy physics}",
      journal        = "Comput. Phys. Commun.",
      volume         = "136",
      year           = "2001",
      pages          = "198-207",
      doi            = "10.1016/S0010-4655(00)00243-5",
      eprint         = "hep-ex/0011057",
      archivePrefix  = "arXiv",
      primaryClass   = "hep-ex",
      SLACcitation   = "%%CITATION = HEP-EX/0011057;%%"
}
